@online{yesodWeb,
  author = "Yesod",
  title = "Yesod Web Framework for Haskell",
  month = "January",
  year = "2018",
  url = "https://www.yesodweb.com/",
  urldate = {2018-19-01}
}

@online{djangoIntroDocs,
  author = "Django",
  title = "Getting Started | Django Documentation | Django",
  month = "January",
  year = "2018",
  url = "https://docs.djangoproject.com/en/1.11/intro/",
  urldate = {2018-19-01}
}

@book{yesodBook,
  title = "Developing Web Applications with Haskell and Yesod",
  author = "Michael Snoyman",
  month = "April",
  year = "2012",
  publisher = {O'Reilly Media}
}

@book{djangoBookReasons,
  title = "Why Django? The Django Book",
  author = "Nigel George",
  month = "May",
  year = "2017",
  url = "https://djangobook.com/tutorials/why-django/",
  urldate = {2018-19-01}
}

@book{haskellBook,
  title = "Haskell Programming from first principles",
  author = "Christopher Allen and Julie Moronuki",
  month = "July",
  year = "2016",
}
