@online{yesodWeb,
  author = "Snoyman, Michael",
  title = "Yesod Web Framework for {{Haskell}}",
  year = "2018",
  url = "https://www.yesodweb.com/",
  urldate = {2018-01-19}
}

@manual{djangoIntroDocs,
  title = "Getting Started",
  organization = "Django Software Foundation",
  year = "2018",
  url = "https://docs.djangoproject.com/en/2.0/intro/",
  urldate = {2018-04-22}
}

@book{yesodBook,
  title = "Developing Web Applications with {{Haskell}} and {{Yesod}}",
  author = "Snoyman, Michael",
  month = "April",
  year = "2012",
  publisher = {O'Reilly Media}
}

@book{djangoBookReasons,
  title = "Why {{Django?}} The {{Django}} Book",
  author = "George, Nigel",
  month = "May",
  year = "2017",
  url = "https://djangobook.com/tutorials/why-django/",
  urldate = {2018-01-19}
}

@book{haskellBook,
  title = "Haskell Programming from first principles",
  author = "Christopher Allen and Julie Moronuki",
  month = "July",
  year = "2016",
}

@online{yesodCookbook,
  title = "Yesod Cookbook",
  organization = "Yesod Web",
  year = "2018",
  url = "https://github.com/yesodweb/yesod-cookbook",
  urldate = {2018-04-21}
}

@online{yesodGit,
  title = "Yesod Git Repository",
  author = "Snoyman, Micahel",
  year = "2018",
  url = "https://github.com/yesodweb/yesod",
  urldate = {2018-04-21}
}

@online{yesodSO,
  title = "Yesod {{StackOverflow}} Page",
  organization = "StackOverflow",
  year = "2018",
  url = "https://stackoverflow.com/questions/tagged/yesod",
  urldate = {2018-04-21}
}

@online{yesodGG,
  title = "Yesod {{Google}} Group",
  organization = "Google",
  year = "2018",
  url = "https://groups.google.com/forum/#!forum/yesodweb",
  urldate = {2018-04-21}
}

@thesis{proverThesis,
  title = "A user interface for interactive security protocol design",
  author = "Staub, Cedric",
  year = "2011",
  school = "Eidgenössische Technische Hochschule Zürich, Department of Computer Science",
  type = "Diploma Thesis",
  doi = "10.3929/ethz-a-007554462"
}

@online{haskellWiki,
  title = "Haskell Wiki",
  organization = "HaskellWiki",
  year = "2018",
  url = "https://wiki.haskell.org/",
  urldate = {2018-04-21}
}

@online{beginnerYesod,
  title = "A {{Haskell}} Beginner's Experience With {{Yesod}}",
  author = "Picciau, Luke",
  date = {2018-01-22},
  url = "https://itscode.red/posts/a-haskell-beginners-experiance-with-yesod/",
  urldate = {2018-04-21}
}

@online{stackDocs,
  title = "The {{Haskell}} Tool {{Stack}}",
  organization = "Stack Contributors",
  date = "2018",
  url = "https://docs.haskellstack.org/en/stable/README/",
  urldate = {2018-04-21}
}

@online{stackage,
  title = "Stackage",
  organization = "FP Complete",
  year = "2018",
  url = "https://www.stackage.org/",
  urldate = {2018-04-20}
}

@online{hackage,
  title = "Hackage",
  organization = "Haskell Community",
  year = "2018",
  url = "https://hackage.haskell.org/",
  urldate = {2018-04-20}
}

@online{hoogle,
  title = "Hoogle",
  organization = "Haskell",
  year = "2018",
  url = "https://www.haskell.org/hoogle/",
  urldate = {2018-04-20}
}

@online{djangoDocs,
  title = "Django Documentation",
  organization = "Django Software Foundation",
  year = "2018",
  url = "https://docs.djangoproject.com/en/2.0/",
  urldate = {2018-04-21}
}

@online{quoraYesodComparison,
  title = "How does the {{Yesod}} web framework compare to more mature frameworks such as {{Rails}} and {{Django}}?",
  author = "Watson, John",
  date = {2018-12-08},
  url = "https://www.quora.com/How-does-the-Yesod-web-framework-compare-to-more-mature-frameworks-such-as-Rails-and-Django-Is-Yesod-stable-enough-to-develop-a-production-website-What-do-you-lose-by-going-with-Yesod-rather-than-Rails-or-Django-What-do-you-gain",
  urldate = {2018-04-21}
}

@online{haskellWebComparison,
  title = "Comparing {{Haskell}} Web Frameworks",
  author = "Bajt, Andraz",
  date = {2014-02-23},
  url = "http://www.edofic.com/posts/2014-02-23-haskell-web.html",
  urldate = {2018-04-21}
}

@article{snapFramework,
  author={G. Collins and D. Beardsley},
  journal={IEEE Internet Computing},
  title={The {{Snap}} Framework: {{A}} Web Toolkit for {{Haskell}}},
  year={2011},
  volume={15},
  number={1},
  pages={84-87},
  keywords={Internet;functional languages;program compilers;program testing;software maintenance;software tools;Glasgow Haskell compiler;Haskell;Snap framework;Web code;Web toolkit;advanced functional programming language;native-code compiler;testing tools;Benchmark testing;Computer languages;Indexes;Libraries;Programming;Servers;HTTP;Haskell;Internet;Snap framework;functional programming},
  doi={10.1109/MIC.2011.21},
  ISSN={1089-7801},
  month={Jan},}
}

@online{ghcSite,
  title = "The Glasgow Haskell Compiler",
  author = "Ben Gamari",
  year = "2018",
  url = "https://www.haskell.org/ghc/",
  urldate = {2018-04-22},
}

@online{frontrow,
  title = "Haskell At {{Front Row}}",
  author = "Kurilin, Alexandr",
  date = {2015-04-25},
  url = "https://github.com/commercialhaskell/commercialhaskell/blob/master/usage/frontrow.md",
  urldate = {2018-04-22}
}

@online{frontrowName,
  title = "Say Hello to Freckle Education!",
  author = "Alvarez, Hannah",
  date = {2018-04-13},
  url = "http://blog.freckle.com/say-hello-to-freckle-education",
  urldate = {2018-04-22}
}

@online{djangoMigrations,
  title = "Migrations",
  organization = "Django Software Foundation",
  year = "2018",
  url = "https://docs.djangoproject.com/en/2.0/topics/migrations/",
  urldate = {2018-04-22}
}

@online{djangoTemplates,
  title = "Templates",
  organization = "Django Software Foundation",
  year = "2018",
  url = "https://docs.djangoproject.com/en/2.0/topics/templates/",
  urldate = {2018-04-23}
}
